@article{LOST,
	Author = {Richard Vaughan and Kasper St\o{}y and Andrew Howard and Gaurav S. Sukhatme and Maja J. Matari\'{c}},
	Journal = {IEEE Transactions on Robotics and Autonomous Systems},
	Number = {5},
	Pages = {796-812},
	Pdf = {doc/vaughan_LOST.pdf},
	Projects = {rage trails transport},
	Title = {LOST: Localization-Space Trails for Robot Teams},
	Volume = {18},
	Year = {2002}
}

@inproceedings{SO_LOST,
	Author = {Abbas Sadat and Richard Vaughan},
	Booktitle = {Proceedings of the Twelfth International Conference on Artificial Life (ALife XII)},
	Month = {August},
	Pdf = {doc/sadat_alife2010.pdf},
	Title = {{SO-LOST}: An ant-trail algorithm for multi-robot navigation with active interference reduction},
Year = {2010}}

@inproceedings{MO_LOST,
	Address = {Valencia, Spain},
	Author = {Zhao Song and Seyed Abbas Sadat and Richard Vaughan},
	Booktitle = {Proceedings of the Eleventh International Conference on Autonomous Agents and Multiagent systems},
	Month = {June},
	Optpages = {187-194},
	Pdf = {doc/song_aamas12.pdf},
	Projects = {transport},
	Title = {{MO-LOST}: Adaptive ant trail untangling in multi-objective multi-colony robot foraging},
Year = {2012}}


@inproceedings{BLINKERED_LOST,
	Author = {Abbas Sadat and Richard Vaughan},
	Booktitle = {Proceedings of the IEEE International Conference on Robotics and Automation (ICRA)},
	Month = {May},
	Pdf = {doc/sadat_ICRA10.pdf},
	Title = {Blinkered LOST: Restricting Sensor Field of View Can Improve Scalability in Emergent Multi-Robot Trail Following},
Year = {2010}}

@article{STAGE,
	Author = {Richard Vaughan},
	Journal = {Swarm Intelligence},
	Number = {2-4},
	Pages = {189-208},
	Pdf = {doc/vaughan_si08.pdf},
	Projects = {player},
	Title = {Massively Multi-Robot Simulations in Stage},
	Volume = {2},
	Year = {2008},
        Month = {December}
}

@article{dorigo1992,
  title={Optimization, learning and natural algorithms},
  author={Dorigo, Marco},
  journal={Ph. D. Thesis, Politecnico di Milano, Italy},
  year={1992}
}

@INPROCEEDINGS{RussellOdour1994,
author={A. Russell and D. Thiel and A. Mackay-Sim},
booktitle={Proceedings of the 1994 IEEE International Conference on Robotics and Automation},
title={Sensing odour trails for mobile robot navigation},
year={1994},
pages={2672-2677 vol.3},
keywords={mobile robots;navigation;mobile robot navigation;olfactory sensor;sensing odour trails;sensor response time;volatile chemicals;Chemical sensors;Insects;Intelligent robots;Microelectronics;Mobile robots;Navigation;Olfactory;Prototypes;Robot sensing systems;Systems engineering and theory},
doi={10.1109/ROBOT.1994.351111},
month={May},}

@inproceedings{payton2001pheromone,
  title={Pheromone robotics},
  author={Payton, David W and Daily, Michael J and Hoff, Bruce and Howard, Michael D and Lee, Craig L},
  booktitle={Intelligent Systems and Smart Manufacturing},
  pages={67--75},
  year={2001},
  organization={International Society for Optics and Photonics}
}

@article{MSY_Hjor1933,
  title={The optimum catch},
  author={Hjort, Johan and Jahn, Gunnar and Ottestad, Per },
  journal={I kommisjon hos J. Dybwad},
  year={1933}
}

@inproceedings{songmulti,
	Address = {Tokyo, Japan},
	Author = {Zhao Song and Richard Vaughan},
	Booktitle = {Proceedings of the {IEEE} International Conference on Intelligent Robots and Systems ({IROS}'13)},
	Month = {November},
	Pdf = {doc/song_iros13.pdf},
	Title = {Sustainable Robot Foraging: adaptive fine-grained multi-robot task allocation for Maximum Sustainable Yield of biological resources},
Year = {2013}}

@inproceedings{zhangmaximum,
  title={Maximum Sustainable Yield Problem for Robot Foraging and Construction System},
  author={Zhang, Ruohan and Song, Zhao},
  Booktitle = {Proceedings of the Twenty-Fifth International Joint Conference on Artificial Intelligence (IJCAI-16)},
  Year = {2013}
}

